@article{BURN2000197,
	title = "A comparison of the views of business and IT management on success factors for strategic alignment",
	journal = "Information and Management",
	volume = "37",
	number = "4",
	pages = "197 - 216",
	year = "2000",
	url = "http://www.sciencedirect.com/science/article/pii/S0378720699000488",
	author = "Janice M. Burn and Colonel Szeto",
	keywords = "Strategic alignment, Information technology management, Strategic perspectives, Container terminal industry"	
}

@misc{ wikibit2018,
    author = "{Wikipedia contributors}",
    title = "Business-IT alignment --- {Wikipedia}{,} The Free Encyclopedia",
    year = "2018",
    url = "https://en.wikipedia.org/w/index.php?title=Business-IT{\_}alignment{\&}oldid=843174568",
    note = "[Online; acesso em 22-Agosto-2018]"
  }
  
@article{Sobrosa2009,
	title = "Alinhamento estratégico de tecnologia da informação: Análise de modelos e propostas para pesquisas futuras",
	author = "Fabrício Sobrosa Affeldt and Adolfo Alberto Vanti",
	journal = "Revista de Gestão da Tecnologia e Sistemas de Informação",
	volume = "6",
	number = "2",
	year = "2009",
	url = "http://www.scielo.br/pdf/jistm/v6n2/05.pdf",
	pages = "203 - 226"
}0

@misc{Edmead2016,
	title = "What do we mean when we say 'business-IT alignment'?",
	author = "Mark Edmead",
	year = "2016",
	url = "https://www.cio.com/article/3040867/it-industry/what-do-we-mean-when-we-say-business-it-alignment.html",
	note = "[Online; acesso em 23-Agosto-2018]"
}

@article{Coltman15,
	title = "Strategic IT alignment: twenty-five years on",
	author = "Tim Coltman and Paul Tallon and Rajeev Sharma and Magno Queiroz",
	journal = "Journal of Information Technology",
	volume = "30",
	year = "2015",
	pages = "91 - 100"
}


  




